@article{choi2012predicting,
  title={Predicting the present with google trends},
  author={Choi, Hyunyoung and Varian, Hal},
  journal={Economic Record},
  volume={88},
  number={s1},
  pages={2--9},
  year={2012},
  publisher={Wiley Online Library}
}

@article{aggarwal2011short,
  title={Short-term load forecasting in deregulated electricity markets using fuzzy approach},
  author={Aggarwal, SK and Kumar, M and Saini, LM and Kumar, A},
  journal={Journal of Engineering and Technology},
  volume={1},
  number={1},
  pages={24},
  year={2011},
  publisher={Medknow Publications}
}

@article{nihuan2011review,
  title={Review of the short-term load forecasting methods of electric power system},
  author={Nihuan, Liao and Zhihong, Hu and Yingying, Ma and Wang-yun, LU},
  journal={Power system protection and control},
  volume={39},
  number={1},
  pages={147--152},
  year={2011}
}
@article{taylor2010triple,
  title={Triple seasonal methods for short-term electricity demand forecasting},
  author={Taylor, James W},
  journal={European Journal of Operational Research},
  volume={204},
  number={1},
  pages={139--152},
  year={2010},
  publisher={North-Holland}
}

@article{javed2012forecasting,
  title={Forecasting for demand response in smart grids: An analysis on use of anthropologic and structural data and short term multiple loads forecasting},
  author={Javed, Fahad and Arshad, Naveed and Wallin, Fredrik and Vassileva, Iana and Dahlquist, Erik},
  journal={Applied Energy},
  volume={96},
  pages={150--160},
  year={2012},
  publisher={Elsevier}
}

@article{chen2010short,
  title={Short-term load forecasting: similar day-based wavelet neural networks},
  author={Chen, Ying and Luh, Peter B and Guan, Che and Zhao, Yige and Michel, Laurent D and Coolbeth, Matthew A and Friedland, Peter B and Rourke, Stephen J},
  journal={Power Systems, IEEE Transactions on},
  volume={25},
  number={1},
  pages={322--330},
  year={2010},
  publisher={IEEE}
}

@article{fan2012short,
  title={Short-term load forecasting based on a semi-parametric additive model},
  author={Fan, Shu and Hyndman, Rob J},
  journal={Power Systems, IEEE Transactions on},
  volume={27},
  number={1},
  pages={134--141},
  year={2012},
  publisher={IEEE}
}

@article{amjady2011new,
  title={A new neural network approach to short term load forecasting of electrical power systems},
  author={Amjady, Nima and Keynia, Farshid},
  journal={Energies},
  volume={4},
  number={3},
  pages={488--503},
  year={2011},
  publisher={Molecular Diversity Preservation International}
}

@article{amjady2011new,
  title={A new neural network approach to short term load forecasting of electrical power systems},
  author={Amjady, Nima and Keynia, Farshid},
  journal={Energies},
  volume={4},
  number={3},
  pages={488--503},
  year={2011},
  publisher={Molecular Diversity Preservation International}
}

@inproceedings{kallus2014predicting,
  title={Predicting crowd behavior with big public data},
  author={Kallus, Nathan},
  booktitle={Proceedings of the companion publication of the 23rd international conference on World wide web companion},
  pages={625--630},
  year={2014},
  organization={International World Wide Web Conferences Steering Committee}
}

@article{lang2014weather,
  title={Do weather fluctuations cause people to seek information about climate change?},
  author={Lang, Corey},
  journal={Climatic Change},
  pages={1--13},
  year={2014},
  publisher={Springer Netherlands}
}

@article{lang2014weather,
  title={Do weather fluctuations cause people to seek information about climate change?},
  author={Lang, Corey},
  journal={Climatic Change},
  pages={1--13},
  year={2014},
  publisher={Springer Netherlands}
}

@article{gill2012electronic,
  title={Electronic indicators of economic activity},
  author={Gill, Troy and Perera, Dilhan and Sunner, David},
  journal={Electronic Indicators of Economic Activity 1 Costs and Margins in the Retail Supply Chain 13 Australia’s Productivity Performance and Real Incomes 23 Households’ Appetite for Financial Risk 37 Banking Fees in Australia 43},
  pages={1},
  year={2012}
}

@article{kholodilin2009google,
  title={Google searches as a means of improving the nowcasts of key macroeconomic variables},
  author={Kholodilin, Konstantin Arkadievich and Podstawski, Maximilian and Siliverstovs, Boriss and B{\"u}rgi, Constantin},
  year={2009},
  publisher={Discussion papers//German Institute for Economic Research}
}


@article{artola2012tracking,
  title={Tracking the future on the web: construction of leading indicators using internet searches},
  author={Artola, Concha and Galan, Enrique},
  journal={Banco de Espana Occasional Paper},
  number={1203},
  year={2012}
}

@article{pan2010assessing,
  title={Assessing the dynamics of search results in Google},
  author={Pan, B and Xiang, Z and Tierney, H and Fesenmaier, DR and Law, R},
  year={2010},
  publisher={na}
}


@article{mellon2011search,
  title={Search Indices and Issue Salience: the properties of Google Trends as a measure of issue salience},
  author={Mellon, Jonathan},
  journal={Sociology Working Papers},
  volume={1},
  year={2011}
}

@article{scott2013bayesian,
  title={Bayesian variable selection for nowcasting economic time series},
  author={Scott, Steven L and Varian, Hal R},
  year={2013},
  publisher={National Bureau of Economic Research}
}

@article{mccallum2013google,
  title={Google search patterns suggest declining interest in the environment},
  author={Mccallum, Malcolm L and Bury, Gwendolyn W},
  journal={Biodiversity and conservation},
  volume={22},
  number={6-7},
  pages={1355--1367},
  year={2013},
  publisher={Springer Netherlands}
}

@article{kholodilin2010google,
  title={Do Google searches help in nowcasting private consumption? A real-time evidence for the US},
  author={Kholodilin, Konstantin Arkadievich and Podstawski, Maximilian and Siliverstovs, Boriss},
  year={2010},
  publisher={Discussion papers//German Institute for Economic Research}
}

@article{ripberger2011capturing,
  title={Capturing curiosity: Using internet search trends to measure public attentiveness},
  author={Ripberger, Joseph T},
  journal={Policy Studies Journal},
  volume={39},
  number={2},
  pages={239--259},
  year={2011},
  publisher={Blackwell Publishing Inc}
}

@inproceedings{rosi2011social,
  title={Social sensors and pervasive services: Approaches and perspectives},
  author={Rosi, Alberto and Mamei, Marco and Zambonelli, Franco and Dobson, Simon and Stevenson, Graeme and Ye, Juan},
  booktitle={Pervasive Computing and Communications Workshops (PERCOM Workshops), 2011 IEEE International Conference on},
  pages={525--530},
  year={2011},
  organization={IEEE}
}

@article{wu2013future,
  title={The future of prediction: How Google searches foreshadow housing prices and sales},
  author={Wu, Lynn and Brynjolfsson, Erik},
  journal={Economics of Digitization},
  year={2013},
  publisher={University of Chicago Press}
}

@article{chan2011using,
  title={Using web search query data to monitor dengue epidemics: a new model for neglected tropical disease surveillance},
  author={Chan, Emily H and Sahai, Vikram and Conrad, Corrie and Brownstein, John S},
  journal={PLoS neglected tropical diseases},
  volume={5},
  number={5},
  pages={e1206},
  year={2011},
  publisher={Public Library of Science}
}

@article{vosen2011forecasting,
  title={Forecasting private consumption: survey-based indicators vs. Google trends},
  author={Vosen, Simeon and Schmidt, Torsten},
  journal={Journal of Forecasting},
  volume={30},
  number={6},
  pages={565--578},
  year={2011},
  publisher={John Wiley \& Sons, Ltd.}
}

@article{preis2010complex,
  title={Complex dynamics of our economic life on different scales: insights from search engine query data},
  author={Preis, Tobias and Reith, Daniel and Stanley, H Eugene},
  journal={Philosophical Transactions of the Royal Society A: Mathematical, Physical and Engineering Sciences},
  volume={368},
  number={1933},
  pages={5707--5719},
  year={2010},
  publisher={The Royal Society}
}

@article{goel2010predicting,
  title={Predicting consumer behavior with Web search},
  author={Goel, Sharad and Hofman, Jake M and Lahaie, S{\'e}bastien and Pennock, David M and Watts, Duncan J},
  journal={Proceedings of the National Academy of Sciences},
  volume={107},
  number={41},
  pages={17486--17490},
  year={2010},
  publisher={National Acad Sciences}
}

